<?xml version="1.0" encoding="UTF-8"?><record xmlns="http://www.loc.gov/MARC21/slim" xmlns:cinclude="http://apache.org/cocoon/include/1.0" xmlns:zs="http://www.loc.gov/zing/srw/">
  <leader>01109cz  a2200229n  4500</leader>
  <controlfield tag="001">n  80159264 </controlfield>
  <controlfield tag="003">DLC</controlfield>
  <controlfield tag="005">20120802080858.0</controlfield>
  <controlfield tag="008">801211n| adannaabn          |b aaa      </controlfield>
  <datafield tag="010" ind1=" " ind2=" ">
    <subfield code="a">n  80159264 </subfield>
  </datafield>
  <datafield tag="035" ind1=" " ind2=" ">
    <subfield code="a">(OCoLC)oca00539129</subfield>
  </datafield>
  <datafield tag="040" ind1=" " ind2=" ">
    <subfield code="a">DLC</subfield>
    <subfield code="b">eng</subfield>
    <subfield code="c">DLC</subfield>
    <subfield code="d">CSt</subfield>
    <subfield code="d">OCoLC</subfield>
    <subfield code="d">DLC</subfield>
  </datafield>
  <datafield tag="100" ind1="1" ind2=" ">
    <subfield code="a">Prishvina, Valerii︠a︡ Dmitrievna</subfield>
  </datafield>
  <datafield tag="400" ind1="1" ind2=" ">
    <subfield code="a">Liorko, Valerii︠a︡ Dmitrievna</subfield>
  </datafield>
  <datafield tag="400" ind1="1" ind2=" ">
    <subfield code="a">Prishvina, V. D.</subfield>
    <subfield code="q">(Valerii︠a︡ Dmitrievna)</subfield>
  </datafield>
  <datafield tag="400" ind1="1" ind2=" ">
    <subfield code="a">Пришвина, Валерия Дмитриевна</subfield>
  </datafield>
  <datafield tag="667" ind1=" " ind2=" ">
    <subfield code="a">THIS 1XX FIELD CANNOT BE USED UNDER RDA UNTIL THIS RECORD HAS BEEN REVIEWED AND/OR UPDATED</subfield>
  </datafield>
  <datafield tag="667" ind1=" " ind2=" ">
    <subfield code="a">Machine-derived non-Latin script reference project.</subfield>
  </datafield>
  <datafield tag="667" ind1=" " ind2=" ">
    <subfield code="a">Non-Latin script reference not evaluated.</subfield>
  </datafield>
  <datafield tag="670" ind1=" " ind2=" ">
    <subfield code="a">Prishvin, M. M. Skazka o pravde, 1973.</subfield>
  </datafield>
  <datafield tag="670" ind1=" " ind2=" ">
    <subfield code="a">Her Krug zhizni, 1981:</subfield>
    <subfield code="b">t.p. (V. D. Prishvina) colophon (Valerii︠a︡ Dmitrievna Prishvina)</subfield>
  </datafield>
  <datafield tag="670" ind1=" " ind2=" ">
    <subfield code="a">Nevidimyĭ grad, 2003:</subfield>
    <subfield code="b">t.p. (Valerii︠a︡ Prishvina) p. 489 (... Valerii Dmitrievny Prishvinoĭ (1899-1979)) p. 492 (Valerii︠a︡ Dmitrievna Prishvina (devichʹi︠a︡ familii︠a︡ Liorko))</subfield>
  </datafield>
</record>